<record><leader>00000cas a22000007a 4500</leader><controlfield tag="001">13726953</controlfield><controlfield tag="008">860613d195119uupauwr ne      0    0eng d</controlfield><datafield ind1=" " ind2=" " tag="010"><subfield code="a">sn 86081549 </subfield></datafield><datafield ind1=" " ind2=" " tag="040"><subfield code="a">NPH</subfield><subfield code="b">eng</subfield><subfield code="c">NPH</subfield><subfield code="d">OCLCQ</subfield></datafield><datafield ind1=" " ind2=" " tag="042"><subfield code="a">msc</subfield></datafield><datafield ind1="0" ind2=" " tag="130"><subfield code="a">Irwin standard (Irwin, Pa. : 1951)</subfield></datafield><datafield ind1="1" ind2="4" tag="245"><subfield code="a">The Irwin standard.</subfield></datafield><datafield ind1=" " ind2=" " tag="260"><subfield code="a">Irwin, Pa. :</subfield><subfield code="b">[Republican Print. Co.],</subfield><subfield code="c">1951-</subfield></datafield><datafield ind1=" " ind2=" " tag="300"><subfield code="a">v. :</subfield><subfield code="b">ill. ;</subfield><subfield code="c">60 cm.</subfield></datafield><datafield ind1=" " ind2=" " tag="310"><subfield code="a">Weekly</subfield></datafield><datafield ind1="0" ind2=" " tag="362"><subfield code="a">Vol. 71, no. 34 (Oct. 12, 1951)-</subfield></datafield><datafield ind1=" " ind2=" " tag="752"><subfield code="a">United States</subfield><subfield code="b">Pennsylvania</subfield><subfield code="c">Westmoreland</subfield><subfield code="d">Irwin.</subfield></datafield><datafield ind1="0" ind2="0" tag="780"><subfield code="t">Republican standard and Westmoreland journal</subfield><subfield code="w">(DLC)sn 86081550</subfield></datafield><datafield ind1="0" ind2="7" tag="785"><subfield code="t">Times-observer (Irwin, Pa.)</subfield><subfield code="w">(DLC)sn 86083243</subfield></datafield><datafield ind1="0" ind2="7" tag="785"><subfield code="t">Standard-observer (Irwin, Pa. : 1969)</subfield><subfield code="w">(DLC)sn 86083242</subfield></datafield></record>